@article{rother2004grabcut,
    title = {{" GrabCut" interactive foreground extraction using iterated graph cuts}},
    year = {2004},
    journal = {ACM transactions on graphics (TOG)},
    author = {Rother, Carsten and Kolmogorov, Vladimir and Blake, Andrew},
    number = {3},
    pages = {309--314},
    volume = {23},
    publisher = {ACM New York, NY, USA}
}

@article{Freund1997,
    title = {{A Decision-Theoretic Generalization of On-Line Learning and an Application to Boosting}},
    year = {1997},
    journal = {Journal of Computer and System Sciences},
    author = {Freund, Yoav and Schapire, Robert E.},
    number = {1},
    pages = {119--139},
    volume = {55},
    publisher = {Academic Press Inc.},
    doi = {10.1006/jcss.1997.1504},
    issn = {00220000}
}

@article{mcculloch1943logical,
    title = {{A logical calculus of the ideas immanent in nervous activity}},
    year = {1943},
    journal = {The bulletin of mathematical biophysics},
    author = {McCulloch, Warren S. and Pitts, Walter},
    number = {4},
    month = {12},
    pages = {115--133},
    volume = {5},
    publisher = {Springer},
    url = {https://link.springer.com/article/10.1007/BF02478259},
    doi = {10.1007/BF02478259},
    issn = {00074985},
    keywords = {Cell Biology, Life Sciences, Mathematical and Computational Biology, general}
}

@article{Yanowitz1989,
    title = {{A new method for image segmentation}},
    year = {1989},
    journal = {Computer Vision, Graphics, {\&} Image Processing},
    author = {Yanowitz, S. D. and Bruckstein, A. M.},
    number = {1},
    month = {4},
    pages = {82--95},
    volume = {46},
    publisher = {Academic Press},
    doi = {10.1016/S0734-189X(89)80017-9},
    issn = {0734189X}
}

@article{Withey2008,
    title = {{A Review of Medical Image Segmentation: Methods and Available Software}},
    year = {2008},
    journal = {undefined},
    author = {Withey, D. and Koles, Z.}
}

@inproceedings{Jaiswal2021,
    title = {{A Review on Image Segmentation}},
    year = {2021},
    booktitle = {Advances in Intelligent Systems and Computing},
    author = {Jaiswal, Sushma and Pandey, M. K.},
    pages = {233--240},
    volume = {1187},
    isbn = {9789811560132},
    doi = {10.1007/978-981-15-6014-9{\_}27},
    issn = {21945365},
    keywords = {Clustering, Edge detection, Fuzzy-c-means, GA, Histogram, Image segmentation, Machine vision, PCA, Region growing, SVM}
}

@article{Pal1993,
    title = {{A review on image segmentation techniques}},
    year = {1993},
    journal = {Pattern Recognition},
    author = {Pal, Nikhil R. and Pal, Sankar K.},
    number = {9},
    month = {9},
    pages = {1277--1294},
    volume = {26},
    publisher = {Pergamon},
    doi = {10.1016/0031-3203(93)90135-J},
    issn = {00313203},
    keywords = {Clustering, Edge detection, Fuzzy sets, Image segmentation, Markov Random Field, Relaxation, Thresholding}
}

@article{Li2020,
    title = {{A Survey of Convolutional Neural Networks: Analysis, Applications, and Prospects}},
    year = {2020},
    author = {Li, Zewen and Yang, Wenjie and Peng, Shouheng and Liu, Fan},
    month = {4},
    url = {http://arxiv.org/abs/2004.02806},
    doi = {10.1109/tnnls.2021.3084827},
    issn = {2162-237X},
    arxivId = {2004.02806},
    keywords = {Index Terms-Deep learning, computer vision, convolutional neural networks, deep neural networks}
}

@article{Hafiz2020,
    title = {{A Survey on Instance Segmentation: State of the art}},
    year = {2020},
    journal = {International Journal of Multimedia Information Retrieval},
    author = {Hafiz, Abdul Mueed and Bhat, Ghulam Mohiuddin},
    number = {3},
    month = {6},
    pages = {171--189},
    volume = {9},
    publisher = {Springer},
    url = {http://arxiv.org/abs/2007.00047 http://dx.doi.org/10.1007/s13735-020-00195-x},
    doi = {10.1007/s13735-020-00195-x},
    arxivId = {2007.00047},
    keywords = {Convolutional neural networks, Deep learning, Instance segmentation, Object detection}
}

@inproceedings{Sofiiuk2019,
    title = {{AdaptIS: Adaptive instance selection network}},
    year = {2019},
    booktitle = {Proceedings of the IEEE International Conference on Computer Vision},
    author = {Sofiiuk, Konstantin and Barinova, Olga and Konushin, Anton},
    month = {10},
    pages = {7354--7362},
    volume = {2019-Octob},
    publisher = {Institute of Electrical and Electronics Engineers Inc.},
    url = {http://arxiv.org/abs/1909.07829},
    isbn = {9781728148038},
    doi = {10.1109/ICCV.2019.00745},
    issn = {15505499},
    arxivId = {1909.07829}
}

@article{Fischer2017,
    title = {{Adversarial Examples for Semantic Image Segmentation}},
    year = {2017},
    journal = {5th International Conference on Learning Representations, ICLR 2017 - Workshop Track Proceedings},
    author = {Fischer, Volker and Kumar, Mummadi Chaithanya and Metzen, Jan Hendrik and Brox, Thomas},
    month = {3},
    publisher = {International Conference on Learning Representations, ICLR},
    url = {http://arxiv.org/abs/1703.01101},
    arxivId = {1703.01101}
}

@article{Liu2019,
    title = {{An End-to-End Network for Panoptic Segmentation}},
    year = {2019},
    journal = {Proceedings of the IEEE Computer Society Conference on Computer Vision and Pattern Recognition},
    author = {Liu, Huanyu and Peng, Chao and Yu, Changqian and Wang, Jingbo and Liu, Xu and Yu, Gang and Jiang, Wei},
    month = {3},
    pages = {6165--6174},
    volume = {2019-June},
    publisher = {IEEE Computer Society},
    url = {http://arxiv.org/abs/1903.05027},
    arxivId = {1903.05027},
    keywords = {Categorization, Deep Learning, Recognition: Detection, Retrieval, Robotics + Driving, Scene Analysis and Understanding, Segmentation}
}

@book{pedrini2008analise,
    title = {{An{\'{a}}lise de imagens digitais: princ{\'{i}}pios, algoritmos e aplica{\c{c}}ões}},
    year = {2008},
    author = {Pedrini, Hélio and Schwartz, William Robson},
    publisher = {Thomson Learning}
}

@article{Pan2020,
    title = {{Applying Semantic Segmentation to Autonomous Cars in the Snowy Environment}},
    year = {2020},
    author = {Pan, Zhaoyu and Emaru, Takanori and Ravankar, Ankit and Kobayashi, Yukinori},
    month = {7},
    url = {http://arxiv.org/abs/2007.12869},
    arxivId = {2007.12869},
    keywords = {SUV, animal, archway, bi-cyclist, bridge, building, car, cart luggage, child, column/pole, fence, lane markings (driving), lane markings (non-driving), miscella-neous text, motorcycle, parking block, pedestrian, road, road shoulder, sidewalk, sign, sky, traffic cone, traffic light, tree, tunnel, vegetation, void, wall}
}

@misc{Carneiro2021,
    title = {{Artificial intelligence for detection and quantification of rust and leaf miner in coffee crop}},
    year = {2021},
    booktitle = {arXiv},
    author = {Carneiro, A.L.C. and de Brito Silva, L. and Faulin, M.A.R.},
    issn = {23318422},
    keywords = {Artificial intelligence, Convolutional neural networks, Deep learning, Object detection, Plant disease identification}
}

@inproceedings{Li2019,
    title = {{Attention-guided unified network for panoptic segmentation}},
    year = {2019},
    booktitle = {Proceedings of the IEEE Computer Society Conference on Computer Vision and Pattern Recognition},
    author = {Li, Yanwei and Chen, Xinze and Zhu, Zheng and Xie, Lingxi and Huang, Guan and Du, Dalong and Wang, Xingang},
    month = {6},
    pages = {7019--7028},
    volume = {2019-June},
    publisher = {IEEE Computer Society},
    url = {http://arxiv.org/abs/1812.03904},
    isbn = {9781728132938},
    doi = {10.1109/CVPR.2019.00719},
    issn = {10636919},
    arxivId = {1812.03904},
    keywords = {Deep Learning, Grouping and Shape, Scene Analysis and Understanding, Segmentation}
}

@article{Gibson2018,
    title = {{Automatic Multi-Organ Segmentation on Abdominal CT with Dense V-Networks}},
    year = {2018},
    journal = {IEEE Transactions on Medical Imaging},
    author = {Gibson, Eli and Giganti, Francesco and Hu, Yipeng and Bonmati, Ester and Bandula, Steve and Gurusamy, Kurinchi and Davidson, Brian and Pereira, Stephen P. and Clarkson, Matthew J. and Barratt, Dean C.},
    number = {8},
    month = {8},
    pages = {1822--1834},
    volume = {37},
    publisher = {Institute of Electrical and Electronics Engineers Inc.},
    url = {/pmc/articles/PMC6076994/ /pmc/articles/PMC6076994/?report=abstract https://www.ncbi.nlm.nih.gov/pmc/articles/PMC6076994/},
    doi = {10.1109/TMI.2018.2806309},
    issn = {1558254X},
    pmid = {29994628},
    keywords = {Abdominal CT, deep learning, duodenum, esophagus, gallbladder, gastrointestinal tract, kidney, liver, pancreas, segmentation, spleen, stomach}
}

@phdthesis{Werbos:74,
    title = {{Beyond Regression: New Tools for Prediction and Analysis in the Behavioral Sciences}},
    year = {1974},
    author = {Werbos, P J},
    school = {Harvard University},
    keywords = {juergen}
}

@article{Yu2018,
    title = {{BiSeNet: Bilateral Segmentation Network for Real-time Semantic Segmentation}},
    year = {2018},
    journal = {Lecture Notes in Computer Science (including subseries Lecture Notes in Artificial Intelligence and Lecture Notes in Bioinformatics)},
    author = {Yu, Changqian and Wang, Jingbo and Peng, Chao and Gao, Changxin and Yu, Gang and Sang, Nong},
    month = {8},
    pages = {334--349},
    volume = {11217 LNCS},
    publisher = {Springer Verlag},
    url = {http://arxiv.org/abs/1808.00897},
    arxivId = {1808.00897},
    keywords = {Bilateral, Network, Real-time, Segmentation, Segmentation {\textperiodcentered}, Semantic}
}

@article{Malkanthi2017,
    title = {{Brain Tumor Boundary Segmentation of MR Imaging using Spatial Domain Image Processing}},
    year = {2017},
    journal = {International Journal for Innovation Education and Research},
    author = {Malkanthi, Chandrika and Dissanayake, Maheshi B},
    number = {10},
    month = {10},
    pages = {1--9},
    volume = {5},
    publisher = {International Journal for Innovation Education and Research},
    url = {http://ijier.net/ijier/article/view/621},
    doi = {10.31686/ijier.vol5.iss10.621},
    issn = {2411-3123},
    keywords = {Keyword: brain tumor, Magnetic resonance imaging (MRI), Magnetic resonance imaging (MRI) Keywords: brain t, morphological tools, segmentation}
}

@article{Caesar2016,
    title = {{COCO-Stuff: Thing and Stuff Classes in Context}},
    year = {2016},
    journal = {Proceedings of the IEEE Computer Society Conference on Computer Vision and Pattern Recognition},
    author = {Caesar, Holger and Uijlings, Jasper and Ferrari, Vittorio},
    month = {12},
    pages = {1209--1218},
    publisher = {IEEE Computer Society},
    url = {http://arxiv.org/abs/1612.03716},
    arxivId = {1612.03716}
}

@inproceedings{Fleyeh2004,
    title = {{Color detection and segmentation for road and traffic signs}},
    year = {2004},
    booktitle = {2004 IEEE Conference on Cybernetics and Intelligent Systems},
    author = {Fleyeh, Hasan},
    pages = {808--813},
    isbn = {0780386442},
    doi = {10.1109/iccis.2004.1460692},
    keywords = {Color detection, Color segmentation, Outdoor images, Road signs}
}

@article{Skarbek1994,
    title = {{Colour Image Segmentation - A Survey}},
    year = {1994},
    author = {Skarbek, Wladyslaw and Skarbek, Wladyslaw and Koschan, Andreas and Bericht, Technischer and Veroffentlichung, Zur and Klette, Prof Dr.},
    url = {http://citeseerx.ist.psu.edu/viewdoc/summary?doi=10.1.1.28.1325}
}

@article{ponti2018funciona,
    title = {{Como funciona o deep learning}},
    year = {2018},
    journal = {arXiv preprint arXiv:1806.07908},
    author = {Ponti, Moacir Antonelli and Da Costa, Gabriel B Paranhos}
}

@article{Zhang2018,
    title = {{Context Encoding for Semantic Segmentation}},
    year = {2018},
    journal = {Proceedings of the IEEE Computer Society Conference on Computer Vision and Pattern Recognition},
    author = {Zhang, Hang and Dana, Kristin and Shi, Jianping and Zhang, Zhongyue and Wang, Xiaogang and Tyagi, Ambrish and Agrawal, Amit},
    month = {3},
    pages = {7151--7160},
    publisher = {IEEE Computer Society},
    url = {http://arxiv.org/abs/1803.08904},
    arxivId = {1803.08904}
}

@article{Arbelaez2011,
    title = {{Contour detection and hierarchical image segmentation}},
    year = {2011},
    journal = {IEEE Transactions on Pattern Analysis and Machine Intelligence},
    author = {Arbel{\'{a}}ez, Pablo and Maire, Michael and Fowlkes, Charless and Malik, Jitendra},
    number = {5},
    pages = {898--916},
    volume = {33},
    doi = {10.1109/TPAMI.2010.161},
    issn = {01628828},
    pmid = {20733228},
    keywords = {Contour detection, computer vision., image segmentation}
}

@book{dunham2006data,
    title = {{Data mining: Introductory and advanced topics}},
    year = {2006},
    author = {Dunham, Margaret H},
    publisher = {Pearson Education India}
}

@book{kotu2018data,
    title = {{Data science: concepts and practice}},
    year = {2018},
    author = {Kotu, Vijay and Deshpande, Bala},
    publisher = {Morgan Kaufmann}
}

@techreport{Parkhi2015,
    title = {{Deep Face Recognition}},
    year = {2015},
    author = {Parkhi, Omkar M and Vedaldi, Andrea and Zisserman, Andrew},
    publisher = {British Machine Vision Association},
    keywords = {sbtmr}
}

@book{Goodfellow2016,
    title = {{Deep Learning}},
    year = {2016},
    booktitle = {MIT Press},
    author = {Goodfellow, I. and Bengio, Y. and Courville, A.},
    editor = {{Cambridge: MIT press}},
    edition = {2},
    volume = {1},
    url = {https://synapse.koreamed.org/upload/SynapseData/PDFData/1088HIR/hir-22-351.pdf}
}

@article{Lai2015,
    title = {{Deep Learning for Medical Image Segmentation}},
    year = {2015},
    author = {Lai, Matthew},
    month = {5},
    pages = {40--77},
    url = {http://arxiv.org/abs/1505.02000},
    arxivId = {1505.02000}
}

@article{Hesamian2019,
    title = {{Deep Learning Techniques for Medical Image Segmentation: Achievements and Challenges}},
    year = {2019},
    journal = {Journal of Digital Imaging},
    author = {Hesamian, Mohammad Hesam and Jia, Wenjing and He, Xiangjian and Kennedy, Paul},
    number = {4},
    month = {8},
    pages = {582--596},
    volume = {32},
    publisher = {Springer New York LLC},
    url = {https://doi.org/10.1007/s10278-019-00227-x},
    doi = {10.1007/s10278-019-00227-x},
    issn = {1618727X},
    pmid = {31144149},
    keywords = {CNN, Deep learning, Medical image segmentation, Organ segmentation}
}

@article{Schoppe2020,
    title = {{Deep learning-enabled multi-organ segmentation in whole-body mouse scans}},
    year = {2020},
    journal = {Nature Communications},
    author = {Schoppe, Oliver and Pan, Chenchen and Coronel, Javier and Mai, Hongcheng and Rong, Zhouyi and Todorov, Mihail Ivilinov and M{\"{u}}skes, Annemarie and Navarro, Fernando and Li, Hongwei and Ert{\"{u}}rk, Ali and Menze, Bjoern H.},
    number = {1},
    month = {12},
    pages = {1--14},
    volume = {11},
    publisher = {Nature Research},
    url = {https://doi.org/10.1038/s41467-020-19449-7},
    doi = {10.1038/s41467-020-19449-7},
    issn = {20411723},
    pmid = {33159057},
    keywords = {Anatomy, Image processing, Machine learning, Software}
}

@inproceedings{He2016,
    title = {{Deep residual learning for image recognition}},
    year = {2016},
    booktitle = {Proceedings of the IEEE Computer Society Conference on Computer Vision and Pattern Recognition},
    author = {He, Kaiming and Zhang, Xiangyu and Ren, Shaoqing and Sun, Jian},
    month = {12},
    pages = {770--778},
    volume = {2016-Decem},
    publisher = {IEEE Computer Society},
    url = {http://image-net.org/challenges/LSVRC/2015/},
    isbn = {9781467388504},
    doi = {10.1109/CVPR.2016.90},
    issn = {10636919},
    arxivId = {1512.03385}
}

@inproceedings{glorot2011deep,
    title = {{Deep sparse rectifier neural networks}},
    year = {2011},
    booktitle = {Proceedings of the fourteenth international conference on artificial intelligence and statistics},
    author = {Glorot, Xavier and Bordes, Antoine and Bengio, Yoshua},
    pages = {315--323},
    organization = {JMLR Workshop and Conference Proceedings}
}

@article{Yang2019,
    title = {{DeeperLab: Single-Shot Image Parser}},
    year = {2019},
    author = {Yang, Tien-Ju and Collins, Maxwell D. and Zhu, Yukun and Hwang, Jyh-Jing and Liu, Ting and Zhang, Xiao and Sze, Vivienne and Papandreou, George and Chen, Liang-Chieh},
    month = {2},
    url = {http://arxiv.org/abs/1902.05093},
    arxivId = {1902.05093}
}

@inproceedings{Huang2017,
    title = {{Densely connected convolutional networks}},
    year = {2017},
    booktitle = {Proceedings - 30th IEEE Conference on Computer Vision and Pattern Recognition, CVPR 2017},
    author = {Huang, Gao and Liu, Zhuang and Van Der Maaten, Laurens and Weinberger, Kilian Q.},
    month = {11},
    pages = {2261--2269},
    volume = {2017-Janua},
    publisher = {Institute of Electrical and Electronics Engineers Inc.},
    url = {http://arxiv.org/abs/1608.06993},
    isbn = {9781538604571},
    doi = {10.1109/CVPR.2017.243},
    arxivId = {1608.06993}
}

@inproceedings{Yao2012,
    title = {{Describing the scene as a whole: Joint object detection, scene classification and semantic segmentation}},
    year = {2012},
    booktitle = {Proceedings of the IEEE Computer Society Conference on Computer Vision and Pattern Recognition},
    author = {Yao, Jian and Fidler, Sanja and Urtasun, Raquel},
    pages = {702--709},
    isbn = {9781467312264},
    doi = {10.1109/CVPR.2012.6247739},
    issn = {10636919}
}

@article{Hahnioser2000,
    title = {{Digital selection and analogue amplification coexist in a cortex- inspired silicon circuit}},
    year = {2000},
    journal = {Nature},
    author = {Hahnioser, Richard H.R. and Sarpeshkar, Rahul and Mahowald, Misha A. and Douglas, Rodney J. and Seung, H. Sebastian},
    number = {6789},
    month = {6},
    pages = {947--951},
    volume = {405},
    publisher = {Nature Publishing Group},
    url = {www.nature.com},
    doi = {10.1038/35016072},
    issn = {00280836},
    pmid = {10879535},
    keywords = {Humanities and Social Sciences, Science, multidisciplinary}
}

@article{muthukrishnan2011edge,
    title = {{Edge detection techniques for image segmentation}},
    year = {2011},
    journal = {International Journal of Computer Science {\textbackslash}{\&} Information Technology},
    author = {Muthukrishnan, R and Radha, Miyilsamy},
    number = {6},
    pages = {259},
    volume = {3},
    publisher = {Academy {\textbackslash}{\&} Industry Research Collaboration Center (AIRCC)}
}

@inproceedings{Neubeck2006,
    title = {{Efficient non-maximum suppression}},
    year = {2006},
    booktitle = {Proceedings - International Conference on Pattern Recognition},
    author = {Neubeck, Alexander and Van Gool, Luc},
    pages = {850--855},
    volume = {3},
    isbn = {0769525210},
    doi = {10.1109/ICPR.2006.479},
    issn = {10514651}
}

@article{Mohan2020,
    title = {{EfficientPS: Efficient Panoptic Segmentation}},
    year = {2020},
    journal = {International Journal of Computer Vision},
    author = {Mohan, Rohit and Valada, Abhinav},
    number = {5},
    month = {4},
    pages = {1551--1579},
    volume = {129},
    publisher = {Springer},
    url = {http://arxiv.org/abs/2004.02307},
    arxivId = {2004.02307},
    keywords = {Instance segmentation, Panoptic segmentation, Scene understanding, Semantic segmentation}
}

@article{schneider2003experimentos,
    title = {{Experimentos em fus{\~{a}}o de imagens de alta resolu{\c{c}}{\~{a}}o}},
    year = {2003},
    journal = {Boletim de Ci{\^{e}}ncias Geod{\'{e}}sicas},
    author = {SCHNEIDER, MARIO JORGE and BELLON, OLGA REGINA PEREIRA and ARAKI, HIDEO},
    number = {1},
    volume = {9}
}

@article{DeGeus2019a,
    title = {{Fast Panoptic Segmentation Network}},
    year = {2019},
    journal = {IEEE Robotics and Automation Letters},
    author = {De Geus, Daan and Meletis, Panagiotis and Dubbelman, Gijs},
    number = {2},
    month = {10},
    pages = {1742--1749},
    volume = {5},
    publisher = {Institute of Electrical and Electronics Engineers Inc.},
    url = {http://arxiv.org/abs/1910.03892},
    doi = {10.1109/LRA.2020.2969919},
    issn = {23773766},
    arxivId = {1910.03892},
    keywords = {Semantic scene understanding, deep learning in robotics and automation, object detection, segmentation and categorization}
}

@misc{girshick2015fast,
    title = {{Fast R-CNN}},
    year = {2015},
    author = {Girshick, Ross},
    arxivId = {cs.CV/1504.08083}
}

@article{Ren2017,
    title = {{Faster R-CNN: Towards Real-Time Object Detection with Region Proposal Networks}},
    year = {2017},
    journal = {IEEE Transactions on Pattern Analysis and Machine Intelligence},
    author = {Ren, Shaoqing and He, Kaiming and Girshick, Ross and Sun, Jian},
    number = {6},
    month = {6},
    pages = {1137--1149},
    volume = {39},
    publisher = {IEEE Computer Society},
    url = {http://image-net.org/challenges/LSVRC/2015/results},
    doi = {10.1109/TPAMI.2016.2577031},
    issn = {01628828},
    pmid = {27295650},
    arxivId = {1506.01497},
    keywords = {Object detection, convolutional neural network, region proposal}
}

@article{Lin2016,
    title = {{Feature Pyramid Networks for Object Detection}},
    year = {2016},
    author = {Lin, Tsung-Yi and Doll{\'{a}}r, Piotr and Girshick, Ross and He, Kaiming and Hariharan, Bharath and Belongie, Serge},
    month = {12},
    url = {http://arxiv.org/abs/1612.03144},
    arxivId = {1612.03144}
}

@article{Shelhamer2016,
    title = {{Fully Convolutional Networks for Semantic Segmentation}},
    year = {2016},
    author = {Shelhamer, Evan and Long, Jonathan and Darrell, Trevor},
    month = {5},
    url = {http://arxiv.org/abs/1605.06211},
    arxivId = {1605.06211},
    keywords = {Convolutional Networks, Deep Learning, Index Terms-Semantic Segmentation, Transfer Learning !}
}

@inproceedings{Szegedy2015,
    title = {{Going deeper with convolutions}},
    year = {2015},
    booktitle = {Proceedings of the IEEE Computer Society Conference on Computer Vision and Pattern Recognition},
    author = {Szegedy, Christian and Liu, Wei and Jia, Yangqing and Sermanet, Pierre and Reed, Scott and Anguelov, Dragomir and Erhan, Dumitru and Vanhoucke, Vincent and Rabinovich, Andrew},
    month = {10},
    pages = {1--9},
    volume = {07-12-June},
    publisher = {IEEE Computer Society},
    url = {https://arxiv.org/abs/1409.4842v1},
    isbn = {9781467369640},
    doi = {10.1109/CVPR.2015.7298594},
    issn = {10636919},
    arxivId = {1409.4842}
}

@article{Chen2019,
    title = {{Hybrid Task Cascade for Instance Segmentation}},
    year = {2019},
    journal = {Proceedings of the IEEE Computer Society Conference on Computer Vision and Pattern Recognition},
    author = {Chen, Kai and Pang, Jiangmiao and Wang, Jiaqi and Xiong, Yu and Li, Xiaoxiao and Sun, Shuyang and Feng, Wansen and Liu, Ziwei and Shi, Jianping and Ouyang, Wanli and Loy, Chen Change and Lin, Dahua},
    month = {1},
    pages = {4969--4978},
    volume = {2019-June},
    publisher = {IEEE Computer Society},
    url = {http://arxiv.org/abs/1901.07518},
    arxivId = {1901.07518},
    keywords = {Categorization, Recognition: Detection, Retrieval}
}

@article{Varma2018,
    title = {{IDD: A Dataset for Exploring Problems of Autonomous Navigation in Unconstrained Environments}},
    year = {2018},
    journal = {Proceedings - 2019 IEEE Winter Conference on Applications of Computer Vision, WACV 2019},
    author = {Varma, Girish and Subramanian, Anbumani and Namboodiri, Anoop and Chandraker, Manmohan and Jawahar, C V},
    month = {11},
    pages = {1743--1751},
    publisher = {Institute of Electrical and Electronics Engineers Inc.},
    url = {http://arxiv.org/abs/1811.10200},
    arxivId = {1811.10200}
}

@article{Wang2004,
    title = {{Image quality assessment: From error visibility to structural similarity}},
    year = {2004},
    journal = {IEEE Transactions on Image Processing},
    author = {Wang, Zhou and Bovik, Alan Conrad and Sheikh, Hamid Rahim and Simoncelli, Eero P.},
    number = {4},
    month = {4},
    pages = {600--612},
    volume = {13},
    doi = {10.1109/TIP.2003.819861},
    issn = {10577149},
    pmid = {15376593},
    keywords = {Error sensitivity, Human visual system (HVS), Image coding, Image quality assessment, JPEG, JPEG2000, Perceptual quality, Structural information, Structural similarity (SSIM)}
}

@article{Yuheng2017,
    title = {{Image Segmentation Algorithms Overview}},
    year = {2017},
    author = {Yuheng, Song and Hao, Yan},
    month = {7},
    url = {http://arxiv.org/abs/1707.02051},
    arxivId = {1707.02051},
    keywords = {CNN, Clustering, Edge detection, Image segmentation, Region-based, weakly-supervised}
}

@article{Al-amri2010,
    title = {{Image Segmentation by Using Threshold Techniques}},
    year = {2010},
    author = {Al-amri, Salem Saleh and Kalyankar, N. V. and D., Khamitkar S.},
    month = {5},
    volume = {2},
    url = {http://arxiv.org/abs/1005.4020},
    arxivId = {1005.4020}
}

@article{Haralick1985,
    title = {{Image segmentation techniques.}},
    year = {1985},
    journal = {Computer Vision, Graphics, {\&} Image Processing},
    author = {Haralick, R. M. and Shapiro, L. G.},
    number = {1},
    month = {1},
    pages = {100--132},
    volume = {29},
    publisher = {Academic Press},
    doi = {10.1016/S0734-189X(85)90153-7},
    issn = {0734189X}
}

@article{Minaee2021,
    title = {{Image Segmentation Using Deep Learning: A Survey}},
    year = {2021},
    journal = {IEEE Transactions on Pattern Analysis and Machine Intelligence},
    author = {Minaee, Shervin and Boykov, Yuri Y. and Porikli, Fatih and Plaza, Antonio J. and Kehtarnavaz, Nasser and Terzopoulos, Demetri},
    month = {1},
    publisher = {IEEE Computer Society},
    url = {http://arxiv.org/abs/2001.05566},
    doi = {10.1109/TPAMI.2021.3059968},
    issn = {19393539},
    arxivId = {2001.05566},
    keywords = {Computational modeling, Computer architecture, Deep learning, Generative adversarial networks, Image segmentation, Logic gates, Semantics, convolutional neural networks, deep learning, encoder-decoder models, generative models, instance segmentation, medical image segmentation, panoptic segmentation, recurrent models, semantic segmentation}
}

@inproceedings{Yi2012,
    title = {{Image segmentation: A survey of graph-cut methods}},
    year = {2012},
    booktitle = {2012 International Conference on Systems and Informatics, ICSAI 2012},
    author = {Yi, Faliu and Moon, Inkyu},
    pages = {1936--1941},
    isbn = {9781467301992},
    doi = {10.1109/ICSAI.2012.6223428},
    keywords = {N-dimensional image, energy function, graph-cut, image segmentation, survey}
}

@article{krizhevsky2012imagenet,
    title = {{Imagenet classification with deep convolutional neural networks}},
    year = {2012},
    journal = {Advances in neural information processing systems},
    author = {Krizhevsky, Alex and Sutskever, Ilya and Hinton, Geoffrey E},
    pages = {1097--1105},
    volume = {25}
}

@article{Liu2020,
    title = {{Importance-Aware Semantic Segmentation in Self-Driving with Discrete Wasserstein Training}},
    year = {2020},
    author = {Liu, Xiaofeng and Han, Yuzhuo and Bai, Song and Ge, Yi and Wang, Tianxing and Han, Xu and Li, Site and You, Jane and Lu, Ju},
    month = {10},
    url = {http://arxiv.org/abs/2010.12440},
    arxivId = {2010.12440}
}

@inproceedings{Mahmud2012,
    title = {{Improvement of K-means clustering algorithm with better initial centroids based on weighted average}},
    year = {2012},
    booktitle = {2012 7th International Conference on Electrical and Computer Engineering, ICECE 2012},
    author = {Mahmud, Md Sohrab and Rahman, Md Mostafizer and Akhtar, Md Nasim},
    pages = {647--650},
    isbn = {9781467314367},
    doi = {10.1109/ICECE.2012.6471633},
    keywords = {Clustering, Data Mining, Enhancing kmeans, K-means, improved Initial centroids}
}

@inproceedings{Dahl2013,
    title = {{Improving deep neural networks for LVCSR using rectified linear units and dropout}},
    year = {2013},
    booktitle = {ICASSP, IEEE International Conference on Acoustics, Speech and Signal Processing - Proceedings},
    author = {Dahl, George E. and Sainath, Tara N. and Hinton, Geoffrey E.},
    month = {10},
    pages = {8609--8613},
    isbn = {9781479903566},
    doi = {10.1109/ICASSP.2013.6639346},
    issn = {15206149},
    keywords = {Bayesian optimization, LVCSR, acoustic modeling, broadcast news, deep learning, dropout, neural networks, rectified linear units}
}

@inproceedings{Silberman:ECCV12,
    title = {{Indoor Segmentation and Support Inference from RGBD Images}},
    year = {2012},
    booktitle = {ECCV},
    author = {Nathan Silberman Derek Hoiem, Pushmeet Kohli and Fergus, Rob}
}

@techreport{Noh,
    title = {{Learning Deconvolution Network for Semantic Segmentation}},
    author = {Noh, Hyeonwoo and Hong, Seunghoon and Han, Bohyung},
    arxivId = {1505.04366v1}
}

@inproceedings{Lazarow2020,
    title = {{Learning instance occlusion for panoptic segmentation}},
    year = {2020},
    booktitle = {Proceedings of the IEEE Computer Society Conference on Computer Vision and Pattern Recognition},
    author = {Lazarow, Justin and Lee, Kwonjoon and Shi, Kunyu and Tu, Zhuowen},
    month = {6},
    pages = {10717--10726},
    publisher = {IEEE Computer Society},
    url = {http://arxiv.org/abs/1906.05896},
    doi = {10.1109/CVPR42600.2020.01073},
    issn = {10636919},
    arxivId = {1906.05896}
}

@article{rumelhart1986learning,
    title = {{Learning representations by back-propagating errors}},
    year = {1986},
    journal = {nature},
    author = {Rumelhart, David E and Hinton, Geoffrey E and Williams, Ronald J},
    number = {6088},
    pages = {533--536},
    volume = {323},
    publisher = {Nature Publishing Group}
}

@article{Martin2004,
    title = {{Learning to detect natural image boundaries using local brightness, color, and texture cues}},
    year = {2004},
    journal = {IEEE Transactions on Pattern Analysis and Machine Intelligence},
    author = {Martin, David R. and Fowlkes, Charless C. and Malik, Jitendra},
    number = {5},
    month = {5},
    pages = {530--549},
    volume = {26},
    doi = {10.1109/TPAMI.2004.1273918},
    issn = {01628828},
    pmid = {15460277},
    keywords = {Boundary detection, Boundary localization, Cue combination, Ground truth segmentation data set, Natural images, Supervised learning, Texture}
}

@article{Li2018,
    title = {{Learning to Fuse Things and Stuff}},
    year = {2018},
    author = {Li, Jie and Raventos, Allan and Bhargava, Arjun and Tagawa, Takaaki and Gaidon, Adrien},
    month = {12},
    url = {http://arxiv.org/abs/1812.01192},
    arxivId = {1812.01192}
}

@techreport{Goncalves,
    title = {{M{\'{a}}quina de Vetores Suporte}},
    year = {2008},
    author = {Gon{\c{c}}alves, André Ricardo},
    pages = {18},
    url = {https://andreric.github.io/files/pdfs/svm.pdf}
}

@article{He2020,
    title = {{Mask R-CNN}},
    year = {2020},
    journal = {IEEE Transactions on Pattern Analysis and Machine Intelligence},
    author = {He, Kaiming and Gkioxari, Georgia and Doll{\'{a}}r, Piotr and Girshick, Ross},
    number = {2},
    month = {2},
    pages = {386--397},
    volume = {42},
    publisher = {IEEE Computer Society},
    doi = {10.1109/TPAMI.2018.2844175},
    issn = {19393539},
    pmid = {29994331},
    arxivId = {1703.06870},
    keywords = {Instance segmentation, convolutional neural network, object detection, pose estimation}
}

@article{cauchy1847methode,
    title = {{M{\'{e}}thode g{\'{e}}n{\'{e}}rale pour la r{\'{e}}solution des systemes d’{\'{e}}quations simultan{\'{e}}es}},
    year = {1847},
    journal = {Comp. Rend. Sci. Paris},
    author = {Cauchy, Augustin and {others}},
    number = {1847},
    pages = {536--538},
    volume = {25}
}

@inproceedings{Lin2014,
    title = {{Microsoft COCO: Common objects in context}},
    year = {2014},
    booktitle = {Lecture Notes in Computer Science (including subseries Lecture Notes in Artificial Intelligence and Lecture Notes in Bioinformatics)},
    author = {Lin, Tsung Yi and Maire, Michael and Belongie, Serge and Hays, James and Perona, Pietro and Ramanan, Deva and Doll{\'{a}}r, Piotr and Zitnick, C. Lawrence},
    number = {PART 5},
    pages = {740--755},
    volume = {8693 LNCS},
    publisher = {Springer Verlag},
    url = {https://link.springer.com/chapter/10.1007/978-3-319-10602-1_48},
    doi = {10.1007/978-3-319-10602-1{\_}48},
    issn = {16113349},
    arxivId = {1405.0312}
}

@article{Howard2017,
    title = {{MobileNets: Efficient Convolutional Neural Networks for Mobile Vision Applications}},
    year = {2017},
    author = {Howard, Andrew G. and Zhu, Menglong and Chen, Bo and Kalenichenko, Dmitry and Wang, Weijun and Weyand, Tobias and Andreetto, Marco and Adam, Hartwig},
    month = {4},
    url = {http://arxiv.org/abs/1704.04861},
    arxivId = {1704.04861}
}

@article{Asadi-Aghbolaghi2020,
    title = {{Multi-level Context Gating of Embedded Collective Knowledge for Medical Image Segmentation}},
    year = {2020},
    author = {Asadi-Aghbolaghi, Maryam and Azad, Reza and Fathy, Mahmood and Escalera, Sergio},
    month = {3},
    url = {http://arxiv.org/abs/2003.05056},
    arxivId = {2003.05056},
    keywords = {Dense Convolution, Index Terms-BConvLSTM, Medical Im-age Segmentation, Squeeze and Excitation, U-Net}
}

@inproceedings{Teichmann2018,
    title = {{MultiNet: Real-time Joint Semantic Reasoning for Autonomous Driving}},
    year = {2018},
    booktitle = {IEEE Intelligent Vehicles Symposium, Proceedings},
    author = {Teichmann, Marvin and Weber, Michael and Z{\"{o}}llner, Marius and Cipolla, Roberto and Urtasun, Raquel},
    month = {10},
    pages = {1013--1020},
    volume = {2018-June},
    publisher = {Institute of Electrical and Electronics Engineers Inc.},
    url = {http://arxiv.org/abs/1612.07695},
    isbn = {9781538644522},
    doi = {10.1109/IVS.2018.8500504},
    arxivId = {1612.07695}
}

@inproceedings{LeCun1999,
    title = {{Object recognition with gradient-based learning}},
    year = {1999},
    booktitle = {Lecture Notes in Computer Science (including subseries Lecture Notes in Artificial Intelligence and Lecture Notes in Bioinformatics)},
    author = {LeCun, Yann and Haffner, Patrick and Bottou, Léon and Bengio, Yoshua},
    pages = {319--345},
    volume = {1681},
    publisher = {Springer Verlag},
    url = {http://www.research.att.com/∼yann},
    isbn = {3540667229},
    doi = {10.1007/3-540-46805-6{\_}19},
    issn = {16113349}
}

@inproceedings{Nirkin2018,
    title = {{On face segmentation, face swapping, and face perception}},
    year = {2018},
    booktitle = {Proceedings - 13th IEEE International Conference on Automatic Face and Gesture Recognition, FG 2018},
    author = {Nirkin, Yuval and Masi, Iacopo and Tuǎn, Anh Trǎn and Hassner, Tal and Medioni, Gérard},
    month = {6},
    pages = {98--105},
    publisher = {Institute of Electrical and Electronics Engineers Inc.},
    url = {http://arxiv.org/abs/1704.06729},
    isbn = {9781538623350},
    doi = {10.1109/FG.2018.00024},
    arxivId = {1704.06729},
    keywords = {Face recognition, Face segmentation, Face swapping}
}

@article{Vaillant1994,
    title = {{Original approach for the localisation of objects in images}},
    year = {1994},
    journal = {IEE Proceedings - Vision, Image, and Signal Processing},
    author = {Vaillant, R.},
    number = {4},
    month = {8},
    pages = {245},
    volume = {141},
    publisher = {IEE},
    url = {https://digital-library.theiet.org/content/journals/10.1049/ip-vis_19941301},
    doi = {10.1049/ip-vis:19941301},
    issn = {1350245X}
}

@article{bock2008origins,
    title = {{Origins and extensions of the k-means algorithm in cluster analysis}},
    year = {2008},
    journal = {Electronic Journal for History of Probability and Statistics},
    author = {Bock, Hans-Hermann},
    number = {2},
    pages = {1--18},
    volume = {4}
}

@article{Kirillov2019,
    title = {{Panoptic Feature Pyramid Networks}},
    year = {2019},
    journal = {Proceedings of the IEEE Computer Society Conference on Computer Vision and Pattern Recognition},
    author = {Kirillov, Alexander and Girshick, Ross and He, Kaiming and Doll{\'{a}}r, Piotr},
    month = {1},
    pages = {6392--6401},
    volume = {2019-June},
    publisher = {IEEE Computer Society},
    url = {http://arxiv.org/abs/1901.02446},
    arxivId = {1901.02446},
    keywords = {Categorization, Grouping and Shape, Recognition: Detection, Retrieval, Segmentation}
}

@article{Brunger2020,
    title = {{Panoptic Instance Segmentation on Pigs}},
    year = {2020},
    journal = {Sensors (Switzerland)},
    author = {Br{\"{u}}nger, Johannes and Gentz, Maria and Traulsen, Imke and Koch, Reinhard},
    number = {13},
    month = {5},
    pages = {1--21},
    volume = {20},
    publisher = {MDPI AG},
    url = {http://arxiv.org/abs/2005.10499 http://dx.doi.org/10.3390/s20133710},
    doi = {10.3390/s20133710},
    arxivId = {2005.10499},
    keywords = {Animal detection, Computer vision, Deep learning, Image processing, Pose estimation, Precision livestock}
}

@inproceedings{Kirillov2019a,
    title = {{Panoptic segmentation}},
    year = {2019},
    booktitle = {Proceedings of the IEEE Computer Society Conference on Computer Vision and Pattern Recognition},
    author = {Kirillov, Alexander and He, Kaiming and Girshick, Ross and Rother, Carsten and Dollar, Piotr},
    volume = {2019-June},
    doi = {10.1109/CVPR.2019.00963},
    issn = {10636919}
}

@article{Liu2015,
    title = {{ParseNet: Looking Wider to See Better}},
    year = {2015},
    author = {Liu, Wei and Rabinovich, Andrew and Berg, Alexander C.},
    month = {6},
    url = {http://arxiv.org/abs/1506.04579},
    arxivId = {1506.04579}
}

@inproceedings{Zhao2017,
    title = {{Pyramid scene parsing network}},
    year = {2017},
    booktitle = {Proceedings - 30th IEEE Conference on Computer Vision and Pattern Recognition, CVPR 2017},
    author = {Zhao, Hengshuang and Shi, Jianping and Qi, Xiaojuan and Wang, Xiaogang and Jia, Jiaya},
    month = {11},
    pages = {6230--6239},
    volume = {2017-Janua},
    publisher = {Institute of Electrical and Electronics Engineers Inc.},
    url = {https://github.com/hszhao/PSPNet},
    isbn = {9781538604571},
    doi = {10.1109/CVPR.2017.660},
    arxivId = {1612.01105}
}

@article{Hou2019,
    title = {{Real-Time Panoptic Segmentation from Dense Detections}},
    year = {2019},
    journal = {Proceedings of the IEEE Computer Society Conference on Computer Vision and Pattern Recognition},
    author = {Hou, Rui and Li, Jie and Bhargava, Arjun and Raventos, Allan and Guizilini, Vitor and Fang, Chao and Lynch, Jerome and Gaidon, Adrien},
    month = {12},
    pages = {8520--8529},
    publisher = {IEEE Computer Society},
    url = {http://arxiv.org/abs/1912.01202},
    arxivId = {1912.01202}
}

@article{Sun2014,
    title = {{Relating things and stuff via objectproperty interactions}},
    year = {2014},
    journal = {IEEE Transactions on Pattern Analysis and Machine Intelligence},
    author = {Sun, Min and Kim, Byung Soo and Kohli, Pushmeet and Savarese, Silvio},
    number = {7},
    month = {7},
    pages = {1370--1383},
    volume = {36},
    publisher = {IEEE Computer Society},
    url = {https://dl.acm.org/doi/abs/10.1109/TPAMI.2013.193},
    doi = {10.1109/TPAMI.2013.193},
    issn = {01628828},
    keywords = {Scene understanding, graph-cut, segmentation, semantic labeling}
}

@inproceedings{Girshick2014,
    title = {{Rich feature hierarchies for accurate object detection and semantic segmentation}},
    year = {2014},
    booktitle = {Proceedings of the IEEE Computer Society Conference on Computer Vision and Pattern Recognition},
    author = {Girshick, Ross and Donahue, Jeff and Darrell, Trevor and Malik, Jitendra},
    month = {9},
    pages = {580--587},
    publisher = {IEEE Computer Society},
    url = {http://www.cs.berkeley.edu/˜rbg/rcnn.},
    isbn = {9781479951178},
    doi = {10.1109/CVPR.2014.81},
    issn = {10636919},
    arxivId = {1311.2524}
}

@inproceedings{Porzi2019,
    title = {{Seamless scene segmentation}},
    year = {2019},
    booktitle = {Proceedings of the IEEE Computer Society Conference on Computer Vision and Pattern Recognition},
    author = {Porzi, Lorenzo and Bulo, Samuel Rota and Colovic, Aleksander and Kontschieder, Peter},
    month = {6},
    pages = {8269--8278},
    volume = {2019-June},
    publisher = {IEEE Computer Society},
    url = {http://arxiv.org/abs/1905.01220},
    isbn = {9781728132938},
    doi = {10.1109/CVPR.2019.00847},
    issn = {10636919},
    arxivId = {1905.01220},
    keywords = {Categorization, Deep Learning, Grouping and Shape, Recognition: Detection, Retrieval, Scene Analysis and Understanding, Segmentation}
}

@inproceedings{Kaymak2019,
    title = {{Semantic image segmentation for autonomous driving using fully convolutional networks}},
    year = {2019},
    booktitle = {2019 International Conference on Artificial Intelligence and Data Processing Symposium, IDAP 2019},
    author = {Kaymak, Cagri and Ucar, Aysegul},
    month = {9},
    publisher = {Institute of Electrical and Electronics Engineers Inc.},
    isbn = {9781728129327},
    doi = {10.1109/IDAP.2019.8875923},
    keywords = {Autonomous driving, Deep learning, Fully Convolutional Network, Semantic image segmentation}
}

@inproceedings{Arbelaez2012,
    title = {{Semantic segmentation using regions and parts}},
    year = {2012},
    booktitle = {Proceedings of the IEEE Computer Society Conference on Computer Vision and Pattern Recognition},
    author = {Arbelaez, Pablo and Hariharan, Bharath and Gu, Chunhui and Gupta, Saurabh and Bourdev, Lubomir and Malik, Jitendra},
    pages = {3378--3385},
    isbn = {9781467312264},
    doi = {10.1109/CVPR.2012.6248077},
    issn = {10636919}
}

@article{Zhou2016,
    title = {{Semantic Understanding of Scenes through the ADE20K Dataset}},
    year = {2016},
    journal = {International Journal of Computer Vision},
    author = {Zhou, Bolei and Zhao, Hang and Puig, Xavier and Xiao, Tete and Fidler, Sanja and Barriuso, Adela and Torralba, Antonio},
    number = {3},
    month = {8},
    pages = {302--321},
    volume = {127},
    publisher = {Springer New York LLC},
    url = {http://arxiv.org/abs/1608.05442},
    arxivId = {1608.05442},
    keywords = {Deep neural networks, Image dataset, Instance segmentation, Scene understanding, Semantic segmentation}
}

@article{Liu2011,
    title = {{SIFT flow: Dense correspondence across scenes and its applications}},
    year = {2011},
    journal = {IEEE Transactions on Pattern Analysis and Machine Intelligence},
    author = {Liu, Ce and Yuen, Jenny and Torralba, Antonio},
    number = {5},
    pages = {978--994},
    volume = {33},
    doi = {10.1109/TPAMI.2010.147},
    issn = {01628828},
    pmid = {20714019},
    keywords = {SIFT flow, Scene alignment, alignment-based large database framework, belief propagation, coarse to fine, dense scene correspondence, face recognition, motion prediction for a single image, motion synthesis via object transfer, satellite image registration}
}

@inproceedings{Hariharan2014,
    title = {{Simultaneous detection and segmentation}},
    year = {2014},
    booktitle = {Lecture Notes in Computer Science (including subseries Lecture Notes in Artificial Intelligence and Lecture Notes in Bioinformatics)},
    author = {Hariharan, Bharath and Arbel{\'{a}}ez, Pablo and Girshick, Ross and Malik, Jitendra},
    number = {PART 7},
    month = {7},
    pages = {297--312},
    volume = {8695 LNCS},
    publisher = {Springer Verlag},
    url = {http://www.eecs.berkeley.edu/Research/Projects/CS/vision/shape/sds.},
    isbn = {9783319105833},
    doi = {10.1007/978-3-319-10584-0{\_}20},
    issn = {16113349},
    arxivId = {1407.1808},
    keywords = {convolutional networks, detection, segmentation}
}

@article{Lee2018,
    title = {{Simultaneous Traffic Sign Detection and Boundary Estimation using Convolutional Neural Network}},
    year = {2018},
    journal = {IEEE Transactions on Intelligent Transportation Systems},
    author = {Lee, Hee Seok and Kim, Kang},
    number = {5},
    month = {2},
    pages = {1652--1663},
    volume = {19},
    publisher = {Institute of Electrical and Electronics Engineers Inc.},
    url = {http://arxiv.org/abs/1802.10019 http://dx.doi.org/10.1109/TITS.2018.2801560},
    doi = {10.1109/TITS.2018.2801560},
    arxivId = {1802.10019},
    keywords = {Traffic sign detection, convolutional neural network, traffic sign boundary estimation}
}

@article{DeGeus2019,
    title = {{Single Network Panoptic Segmentation for Street Scene Understanding}},
    year = {2019},
    journal = {IEEE Intelligent Vehicles Symposium, Proceedings},
    author = {de Geus, Daan and Meletis, Panagiotis and Dubbelman, Gijs},
    month = {2},
    pages = {709--715},
    volume = {2019-June},
    publisher = {Institute of Electrical and Electronics Engineers Inc.},
    url = {http://arxiv.org/abs/1902.02678},
    arxivId = {1902.02678}
}

@article{Yang2020,
    title = {{SOGNet: Scene Overlap Graph Network for Panoptic Segmentation}},
    year = {2020},
    journal = {Proceedings of the AAAI Conference on Artificial Intelligence},
    author = {Yang, Yibo and Li, Hongyang and Li, Xia and Zhao, Qijie and Wu, Jianlong and Lin, Zhouchen},
    number = {07},
    month = {4},
    pages = {12637--12644},
    volume = {34},
    publisher = {Association for the Advancement of Artificial Intelligence (AAAI)},
    url = {http://arxiv.org/abs/1911.07527},
    isbn = {9781577358350},
    doi = {10.1609/aaai.v34i07.6955},
    issn = {2159-5399},
    arxivId = {1911.07527}
}

@inproceedings{macqueen1967some,
    title = {{Some methods for classification and analysis of multivariate observations}},
    year = {1967},
    booktitle = {Proceedings of the fifth Berkeley symposium on mathematical statistics and probability},
    author = {MacQueen, James and {others}},
    number = {14},
    pages = {281--297},
    volume = {1},
    organization = {Oakland, CA, USA}
}

@article{Chen2019a,
    title = {{SpatialFlow: Bridging All Tasks for Panoptic Segmentation}},
    year = {2019},
    journal = {IEEE Transactions on Circuits and Systems for Video Technology},
    author = {Chen, Qiang and Cheng, Anda and He, Xiangyu and Wang, Peisong and Cheng, Jian},
    month = {10},
    publisher = {Institute of Electrical and Electronics Engineers Inc.},
    url = {http://arxiv.org/abs/1910.08787},
    arxivId = {1910.08787},
    keywords = {Benchmark testing, Detectors, Head, Image segmentation, Location-aware, Object detection, Panoptic segmentation, Scene understanding, Semantics, Task analysis}
}

@article{Liu2015a,
    title = {{SSD: Single Shot MultiBox Detector}},
    year = {2015},
    journal = {Lecture Notes in Computer Science (including subseries Lecture Notes in Artificial Intelligence and Lecture Notes in Bioinformatics)},
    author = {Liu, Wei and Anguelov, Dragomir and Erhan, Dumitru and Szegedy, Christian and Reed, Scott and Fu, Cheng-Yang and Berg, Alexander C.},
    month = {12},
    pages = {21--37},
    volume = {9905 LNCS},
    publisher = {Springer Verlag},
    url = {http://arxiv.org/abs/1512.02325 http://dx.doi.org/10.1007/978-3-319-46448-0_2},
    doi = {10.1007/978-3-319-46448-0{\_}2},
    arxivId = {1512.02325},
    keywords = {Convolutional neural network, Real-time object detection}
}

@article{Cordts2016,
    title = {{The Cityscapes Dataset for Semantic Urban Scene Understanding}},
    year = {2016},
    journal = {Proceedings of the IEEE Computer Society Conference on Computer Vision and Pattern Recognition},
    author = {Cordts, Marius and Omran, Mohamed and Ramos, Sebastian and Rehfeld, Timo and Enzweiler, Markus and Benenson, Rodrigo and Franke, Uwe and Roth, Stefan and Schiele, Bernt},
    month = {4},
    pages = {3213--3223},
    volume = {2016-Decem},
    publisher = {IEEE Computer Society},
    url = {http://arxiv.org/abs/1604.01685},
    arxivId = {1604.01685}
}

@inproceedings{Neuhold2017_ICCV,
    title = {{The Mapillary Vistas Dataset for Semantic Understanding of Street Scenes}},
    year = {2017},
    booktitle = {Proceedings of the IEEE International Conference on Computer Vision (ICCV)},
    author = {Neuhold, Gerhard and Ollmann, Tobias and Rota Bulo, Samuel and Kontschieder, Peter}
}

@article{everingham2010pascal,
    title = {{The pascal visual object classes (voc) challenge}},
    year = {2010},
    journal = {International journal of computer vision},
    author = {Everingham, Mark and Van Gool, Luc and Williams, Christopher K I and Winn, John and Zisserman, Andrew},
    number = {2},
    pages = {303--338},
    volume = {88},
    publisher = {Springer}
}

@article{Rosenblatt1958,
    title = {{The perceptron: A probabilistic model for information storage and organization in the brain}},
    year = {1958},
    journal = {Psychological Review},
    author = {Rosenblatt, F.},
    number = {6},
    month = {11},
    pages = {386--408},
    volume = {65},
    url = {https://psycnet.apa.org/journals/rev/65/6/386},
    doi = {10.1037/h0042519},
    issn = {0033295X},
    pmid = {13602029},
    keywords = {PERCEPTION, AS INFORMATION STORAGE MODEL INFORMATI}
}

@article{Otsu1979,
    title = {{THRESHOLD SELECTION METHOD FROM GRAY-LEVEL HISTOGRAMS.}},
    year = {1979},
    journal = {IEEE Trans Syst Man Cybern},
    author = {Otsu, Nobuyuki},
    number = {1},
    pages = {62--66},
    volume = {SMC-9},
    doi = {10.1109/tsmc.1979.4310076},
    issn = {00189472}
}

@article{Wang2017,
    title = {{Understanding Convolution for Semantic Segmentation}},
    year = {2017},
    journal = {Proceedings - 2018 IEEE Winter Conference on Applications of Computer Vision, WACV 2018},
    author = {Wang, Panqu and Chen, Pengfei and Yuan, Ye and Liu, Ding and Huang, Zehua and Hou, Xiaodi and Cottrell, Garrison},
    month = {2},
    pages = {1451--1460},
    volume = {2018-Janua},
    publisher = {Institute of Electrical and Electronics Engineers Inc.},
    url = {http://arxiv.org/abs/1702.08502},
    arxivId = {1702.08502}
}

@article{Ghosh2019,
    title = {{Understanding Deep Learning Techniques for Image Segmentation}},
    year = {2019},
    journal = {ACM Computing Surveys},
    author = {Ghosh, Swarnendu and Das, Nibaran and Das, Ishita and Maulik, Ujjwal},
    number = {4},
    volume = {52},
    publisher = {Association for Computing Machinery},
    url = {http://arxiv.org/abs/1907.06119 https://doi.org/10.1145/3329784},
    doi = {10.1145/3329784},
    issn = {15577341},
    arxivId = {1907.06119},
    keywords = {Convolutional neural networks, Deep learning, Semantic image segmentation}
}

@article{Xiong2019,
    title = {{UPSNet: A Unified Panoptic Segmentation Network}},
    year = {2019},
    journal = {Proceedings of the IEEE Computer Society Conference on Computer Vision and Pattern Recognition},
    author = {Xiong, Yuwen and Liao, Renjie and Zhao, Hengshuang and Hu, Rui and Bai, Min and Yumer, Ersin and Urtasun, Raquel},
    month = {1},
    pages = {8810--8818},
    volume = {2019-June},
    publisher = {IEEE Computer Society},
    url = {http://arxiv.org/abs/1901.03784},
    arxivId = {1901.03784},
    keywords = {Categorization, Deep Learning, Grouping and Shape, Recognition: Detection, Retrieval, Scene Analysis and Understanding, Segmentation}
}

@inproceedings{Simonyan2015,
    title = {{Very deep convolutional networks for large-scale image recognition}},
    year = {2015},
    booktitle = {3rd International Conference on Learning Representations, ICLR 2015 - Conference Track Proceedings},
    author = {Simonyan, Karen and Zisserman, Andrew},
    month = {9},
    publisher = {International Conference on Learning Representations, ICLR},
    url = {http://www.robots.ox.ac.uk/},
    arxivId = {1409.1556},
    keywords = {()}
}

@article{Kim2020,
    title = {{Video Panoptic Segmentation}},
    year = {2020},
    journal = {Proceedings of the IEEE Computer Society Conference on Computer Vision and Pattern Recognition},
    author = {Kim, Dahun and Woo, Sanghyun and Lee, Joon-Young and Kweon, In So},
    month = {6},
    pages = {9856--9865},
    publisher = {IEEE Computer Society},
    url = {http://arxiv.org/abs/2006.11339},
    arxivId = {2006.11339}
}

@article{Geiger2013,
    title = {{Vision meets robotics: The KITTI dataset}},
    year = {2013},
    journal = {International Journal of Robotics Research},
    author = {Geiger, A. and Lenz, P. and Stiller, C. and Urtasun, R.},
    number = {11},
    month = {9},
    pages = {1231--1237},
    volume = {32},
    publisher = {SAGE PublicationsSage UK: London, England},
    url = {http://www.cvlibs.net/datasets/kitti.},
    doi = {10.1177/0278364913491297},
    issn = {02783649},
    keywords = {Dataset, GPS, KITTI, SLAM, autonomous driving, benchmarks, cameras, computer vision, field robotics, laser, mobile robotics, object detection, optical flow, stereo, tracking}
}

@inproceedings{Christoph2019,
    title = {{Visual Recognition and Beyond}},
    year = {2019},
    booktitle = {Proceedings of the IEEE Computer Society Conference on Computer Vision and Pattern Recognition},
    author = {Christoph, Feichenhofer; and He, Kaiming; and Girshick, Ross; and Gkioxari, Georgia; and Kirillov, Alexander; and Dollar, Piotr.},
    publisher = {Proceedings of the IEEE Conference on Computer Vision and Pattern Recognition Workshops},
    url = {http://feichtenhofer.github.io/cvpr2019-recognition-tutorial/},
    address = {Long Beach, CA}
}

@article{Papandreou2015,
    title = {{Weakly- and Semi-Supervised Learning of a DCNN for Semantic Image Segmentation}},
    year = {2015},
    author = {Papandreou, George and Chen, Liang-Chieh and Murphy, Kevin and Yuille, Alan L.},
    month = {2},
    url = {http://arxiv.org/abs/1502.02734},
    arxivId = {1502.02734}
}

@techreport{Csurka,
    title = {{What is a good evaluation measure for semantic segmentation?}},
    year = {2013},
    author = {Csurka, Gabriela and Larlus, Diane and Perronnin, Florent},
    pages = {10--5244},
    publisher = {British Machine Vision Conference}
}

@inproceedings{Chollet2017,
    title = {{Xception: Deep learning with depthwise separable convolutions}},
    year = {2017},
    booktitle = {Proceedings - 30th IEEE Conference on Computer Vision and Pattern Recognition, CVPR 2017},
    author = {Chollet, François},
    month = {11},
    pages = {1800--1807},
    volume = {2017-Janua},
    publisher = {Institute of Electrical and Electronics Engineers Inc.},
    url = {https://arxiv.org/abs/1610.02357v3},
    isbn = {9781538604571},
    doi = {10.1109/CVPR.2017.195},
    arxivId = {1610.02357}
}

@article{Bolya2019,
    title = {{YOLACT: Real-time Instance Segmentation}},
    year = {2019},
    journal = {Proceedings of the IEEE International Conference on Computer Vision},
    author = {Bolya, Daniel and Zhou, Chong and Xiao, Fanyi and Lee, Yong Jae},
    month = {4},
    pages = {9156--9165},
    volume = {2019-Octob},
    publisher = {Institute of Electrical and Electronics Engineers Inc.},
    url = {http://arxiv.org/abs/1904.02689},
    arxivId = {1904.02689}
}

@misc{Li2020Awesome-Panoptic-Segmentation,
    title = {{Awesome-Panoptic-Segmentation}},
    year = {2020},
    author = {Li, Ang},
    url = {https://github.com/Angzz/awesome-panoptic-segmentation}
}

@article{Minaee2021DeepClassification,
    title = {{Deep Learning--based Text Classification}},
    year = {2021},
    journal = {ACM Computing Surveys},
    author = {Minaee, Shervin and Kalchbrenner, Nal and Cambria, Erik and Nikzad, Narjes and Chenaghlu, Meysam and Gao, Jianfeng},
    number = {3},
    month = {6},
    pages = {1--40},
    volume = {54},
    publisher = {Association for Computing Machinery (ACM)},
    url = {https://dl.acm.org/doi/abs/10.1145/3439726},
    doi = {10.1145/3439726},
    issn = {0360-0300},
    keywords = {Text classification, deep learning, natural language inference, news categorization, question answering, sentiment analysis, topic classification}
}

@misc{Kumar2019IntroductionTutorial,
    title = {{Introduction to Panoptic Segmentation: A Tutorial}},
    year = {2019},
    booktitle = {Technical Fridays},
    author = {Kumar, Harshit},
    url = {https://kharshit.github.io/blog/2019/10/18/introduction-to-panoptic-segmentation-tutorial}
}

@misc{VanessaSardinhadosSantos2021Neuronio:Educacao,
    title = {{Neur{\^{o}}nio: o que {\'{e}}, tipos, fun{\c{c}}{\~{a}}o, estrutura - Mundo Educa{\c{c}}{\~{a}}o}},
    year = {2021},
    booktitle = {Mundo Educa{\c{c}}{\~{a}}o},
    author = {{Vanessa Sardinha dos Santos}},
    url = {https://mundoeducacao.uol.com.br/biologia/neuronios.htm}
}

@misc{Peltarion2021Peltarion,
    title = {{Peltarion}},
    year = {2021},
    booktitle = {Peltarion},
    author = {{Peltarion}},
    url = {https://peltarion.com/}
}